@article{lovren1998error,
  title={Error analysis of direction cosines and quaternion parameters techniques for aircraft attitude determination},
  author={Lovren, N and Pieper, JK},
  journal={IEEE Transactions on aerospace and electronic systems},
  volume={34},
  number={3},
  pages={983--989},
  year={1998},
  publisher={IEEE}
}

@Misc{nyctimesalexa,
howpublished = {\url{https://www.nytimes.com/2018/03/31/business/media/amazon-google-privacy-digital-assistants.html}},
note = {Accessed July 5, 2018},
title = {Hey, Alexa, What Can You Hear? },
author = {Sapna Maheshwari}
}

@Misc{quartzalexa,
howpublished = {\url{https://qz.com/1288743/amazon-alexa-echo-spying-on-users-raises-a-data-privacy-problem/}},
note = {Accessed July 5, 2018},
title = {An Oregon familyâ€™s encounter with Amazon Alexa exposes the privacy problem of smart home devices},
author = {quartz}
}

http://www.businessinsider.com/consumers-holding-off-on-smart-home-gadgets-thanks-to-privacy-fears-2017-11?IR=T
http://www.pewresearch.org/fact-tank/2017/12/12/nearly-half-of-americans-use-digital-voice-assistants-mostly-on-their-smartphones/
https://nsr.cse.buffalo.edu/mobisys_2017/papers/pdfs/mobisys17-paper01.pdf

